
@manual{lab1,
  author       = {Prof. Dr. Subarna Shakya},
  title        = {Lab-1 : Simulation of the chemical reaction},
  year       = {2023}
}

@manual{lab2,
  author       = {Prof. Dr. Subarna Shakya},
  title        = {Lab-2 : Simulation of the R-C amplifier circuit},
  year       = {2023}
}

@manual{lab3,
  author       = {Prof. Dr. Subarna Shakya},
  title        = {Lab-3 : Generation of random number},
  year       = {2023}
}

@manual{lab4,
  author       = {Prof. Dr. Subarna Shakya},
  title        = {Lab-4 : Simulation of continuous system},
  year       = {2023}
}

@manual{lab5,
  author       = {Prof. Dr. Subarna Shakya},
  title        = {Lab-5 : Simulation of national econometric system},
  year       = {2023}
}