@article{liu2012,
  title={Using Wikipedia and conceptual graph structures to generate questions for academic writing support},
  author={Liu, Ming and Calvo, Rafael A},
  journal={IEEE Transactions on Learning Technologies},
  volume={5},
  number={3},
  pages={251--263},
  year={2012},
  publisher={IEEE}
}

@article{zhao2018,
  title={Adaptive question generation for intelligent education},
  author={Zhao, Yan and Ren, Hongyu and Sun, Meng and Liu, Xiangyang and Hu, Yan},
  journal={IEEE Access},
  volume={6},
  pages={43420--43430},
  year={2018},
  publisher={IEEE}
}

@article{li2020,
  title={Automatic generation of domain-specific multiple-choice questions based on textbooks and knowledge graph},
  author={Li, Yiran and Shi, Chuan and Zhang, Yue and Yan, Ying},
  journal={IEEE Access},
  volume={8},
  pages={214134--214146},
  year={2020},
  publisher={IEEE}
}

@article{zhang2020,
  title={An intelligent system for generating questions to assess second language reading comprehension},
  author={Zhang, Xiaofei and Li, Xia and Huang, Yue},
  journal={IEEE Transactions on Learning Technologies},
  volume={13},
  number={4},
  pages={739--749},
  year={2020},
  publisher={IEEE}
}

@inproceedings{dai2020,
    title = "Transformer-based Question Generation with Self-Supervised Learning",
    author = "Dai, Tianxing  and
      Yang, Nan  and
      Cui, Runxin  and
      Sun, Le  and
      Hu, Xia",
    booktitle = "Proceedings of the 2020 Conference on Empirical Methods in Natural Language Processing (EMNLP)",
    month = nov,
    year = "2020",
    address = "Online",
    publisher = "Association for Computational Linguistics",
    url = "https://www.aclweb.org/anthology/2020.emnlp-main.425",
    doi = "10.18653/v1/2020.emnlp-main.425",
    pages = "5293--5303",
}
@inproceedings{vaswani2017,
  title={Attention is All You Need},
  author={Vaswani, Ashish and Shazeer, Noam and Parmar, Niki and Uszkoreit, Jakob and Jones, Llion and Gomez, Aidan N and Kaiser, {\L}ukasz and Polosukhin, Illia},
  booktitle={Proceedings of the 31st Conference on Neural Information Processing Systems},
  pages={5998--6008},
  year={2017}
}
@article{lopez2021simplifying,
  title={Simplifying Paragraph-level Question Generation via Transformer Language Models},
  author={Lopez, Luis Enrico and Cruz, Diane Kathryn and Cruz, Jan Christian Blaise and Cheng, Charibeth},
  journal={arXiv preprint arXiv:2102.06727},
  year={2021}
  }
  @article{t5,
  author  = {Colin Raffel and Noam Shazeer and Adam Roberts and Katherine Lee and Sharan Narang and Michael Matena and Yanqi Zhou and Wei Li and Peter J. Liu},
  title   = {Exploring the Limits of Transfer Learning with a Unified Text-to-Text Transformer},
  journal = {Journal of Machine Learning Research},
  year    = {2020},
  volume  = {21},
  number  = {140},
  pages   = {1-67},
  url     = {http://jmlr.org/papers/v21/20-074.html}
}